@misc{Grigori:2023,
  author       = {Laura Grigori},
  howpublished = {Lecture notes for the course \enquote{HPC for numerical
                  methods and data analysis} at EPFL},
  title        = {Communication avoiding QR factorization and
                  orthogonalization of a set of vectors},
  year         = {2023}
}

@misc{BalabanovGrigori:2022,
      title={Randomized Gram-Schmidt process with application to GMRES},
      author={Oleg Balabanov and Laura Grigori},
      year={2022},
      eprint={2011.05090},
      archivePrefix={arXiv},
      primaryClass={math.NA}
}

@article{DavisHu:2011,
  author = {Davis, Timothy A. and Hu, Yifan},
  title = {The University of Florida Sparse Matrix Collection},
  year = {2011},
  issue_date = {November 2011},
  publisher = {Association for Computing Machinery},
  address = {New York, NY, USA},
  volume = {38},
  number = {1},
  issn = {0098-3500},
  url = {https://doi.org/10.1145/2049662.2049663},
  doi = {10.1145/2049662.2049663},
  journal = {ACM Trans. Math. Softw.},
  month = {12},
  articleno = {1},
  numpages = {25},
  keywords = {Graph drawing, performance evaluation, sparse matrices, multilevel algorithms}
}

@inproceedings{GudulaSchwind:2005,
author = {Rünger, Gudula and Schwind, Michael},
year = {2005},
month = {08},
pages = {826-836},
title = {Comparison of Different Parallel Modified Gram-Schmidt Algorithms},
volume = {3648},
isbn = {978-3-540-28700-1},
journal = {Lecture Notes in Computer Science},
doi = {10.1007/11549468_90}
}

@misc{Grigori:2008,
  title={Communication-optimal parallel and sequential QR and LU factorizations: theory and practice},
  author={James Demmel and Laura Grigori and Mark Hoemmen and Julien Langou},
  year={2008},
  eprint={0806.2159},
  archivePrefix={arXiv},
  primaryClass={cs.NA}
}

@book{Bornemann:2018,
  author         = {Folkmar Bornemann},
  publisher      = {Springer Spektrum Wiesbaden},
  title          = {Numerische lineare Algebra},
  year           = {2018},
  isbn           = {978-3-658-24431-6},
  doi            = {https://doi.org/10.1007/978-3-658-24431-6}
}

@article{Swirydowicz:2020,
title = {Low synchronization Gram–Schmidt and generalized minimal residual algorithms},
author = {Swirydowicz, Katarzyna and Langou, Julien and Ananthan, Shreyas and Yang, Ulrike and Thomas, Stephen},
doi = {10.1002/nla.2343},
url = {https://www.osti.gov/biblio/1710196},
journal = {Numerical Linear Algebra with Applications},
issn = {1070-5325},
number = 2,
volume = 28,
place = {United States},
year = {2020},
month = {10}
}
